%%% /u/sy/beebe/tex/bib/epodd.bib, Wed Jan 22 16:58:32 1992
%%% Edit by Nelson H. F. Beebe <beebe at csc-sun.math.utah.edu>
%%%
%%% ====================================================================
%%%  BibTeX-file{
%%%     author          = "Nelson H. F. Beebe",
%%%     version         = "1.25",
%%%     date            = "11 November 1993",
%%%     time            = "09:26:24 MST",
%%%     filename        = "epodd.bib",
%%%     address         = "Center for Scientific Computing
%%%                        Department of Mathematics
%%%                        University of Utah
%%%                        Salt Lake City, UT 84112
%%%                        USA",
%%%     telephone       = "+1 801 581 5254",
%%%     FAX             = "+1 801 581 4148",
%%%     checksum        = "32945 848 2732 23663",
%%%     email           = "beebe at csc-sun.math.utah.edu (Internet)",
%%%     codetable       = "ISO/ASCII",
%%%     keywords        = "bibliography, electronic publishing",
%%%     supported       = "yes",
%%%     docstring       = "BibTex bibliography for EPODD journal.
%%%
%%%                        Journal article tags look like
%%%                        author:abbrev-volume-number-page, where the
%%%                        author part is the last name of the first
%%%                        author: for example, Pausch:EPODD-3-4-227.
%%%
%%%                        The checksum field above contains a CRC-16
%%%                        checksum as the first value, followed by the
%%%                        equivalent of the standard UNIX wc (word
%%%                        count) utility output of lines, words, and
%%%                        characters.  This is produced by Robert
%%%                        Solovay's checksum utility.",
%%%  }
%%% ====================================================================

@Preamble{"\input bibnames.sty"}

@String{j-EPODD = "Electronic Pub\-lish\-ing\emdash{}Orig\-i\-na\-tion,
  Dissemination, and Design"}

@Article{Bentley:EPODD-1-1-3,
  author =       "J. L. Bentley and B. W. Kernighan",
  title =        "Tools for Printing Indexes",
  journal =      j-EPODD,
  year =         "1988",
  volume =       "1",
  number =       "1",
  pages =        "3--18",
  month =        apr,
}

@Article{Furuta:EPODD-1-1-19,
  author =       "R. Furuta and V. Quint and J. Andr{\'{e}}",
  title =        "Interactively Editing Structured Documents",
  journal =      j-EPODD,
  year =         "1988",
  volume =       "1",
  number =       "1",
  pages =        "19--44",
  month =        apr,
}

@Article{Brown:EPODD-1-1-45,
  author =       "P. J. Brown",
  title =        "Linking and Searching Within Hypertext",
  journal =      j-EPODD,
  year =         "1988",
  volume =       "1",
  number =       "1",
  pages =        "45--54",
  month =        apr,
}

@Article{Reid:EPODD-1-1-55,
  author =       "B. K. Reid",
  title =        "The {USENET} Cookbook\emdash{}an Experiment in
                 Electronic Publishing",
  journal =      j-EPODD,
  year =         "1988",
  volume =       "1",
  number =       "1",
  pages =        "55--76",
  month =        apr,
}

@Article{Oakley:EPODD-1-2-79,
  author =       "A. L. Oakley and A. C. Norris",
  title =        "Page Description Languages: Development,
                 Implementation and Standardization",
  journal =      j-EPODD,
  year =         "1988",
  volume =       "1",
  number =       "2",
  pages =        "79--96",
  month =        sep,
}

@Article{Brown:EPODD-1-2-97,
  author =       "H. Brown",
  title =        "Parallel Processing and Document Layout",
  journal =      j-EPODD,
  year =         "1988",
  volume =       "1",
  number =       "2",
  pages =        "97--104",
  month =        sep,
}

@Article{Lucarella:EPODD-1-2-105,
  author =       "D. Lucarella",
  title =        "A Search Strategy for Large Document Bases",
  journal =      j-EPODD,
  year =         "1988",
  volume =       "1",
  number =       "2",
  pages =        "105--116",
  month =        sep,
}

@Article{Arrabito:EPODD-1-2-117,
  author =       "R. Arrabito and H. J{\"{u}}rgensen",
  title =        "Computerized {Braille} Typesetting: Another View of
                 Mark-up Standards",
  journal =      j-EPODD,
  year =         "1988",
  volume =       "1",
  number =       "2",
  pages =        "117--132",
  month =        sep,
}

@Article{Barron:EPODD-2-1-3,
  author =       "D. Barron",
  title =        "Why Use {SGML}?",
  journal =      j-EPODD,
  year =         "1989",
  volume =       "2",
  number =       "1",
  pages =        "3--24",
  month =        apr,
}

@Article{Brailsford:EPODD-2-1-25,
  author =       "D. F. Brailsford and D. R. Evans",
  title =        "Parallel Processing in Document Formatting: An
                 Experiment Using {PIC}",
  journal =      j-EPODD,
  year =         "1989",
  volume =       "2",
  number =       "1",
  pages =        "25--46",
  month =        apr,
}

@Article{Duan:EPODD-2-1-47,
  author =       "G. Duan and R. A. Morris",
  title =        "The Importance of Phase in the Spectra of Digital
                 Type",
  journal =      j-EPODD,
  year =         "1989",
  volume =       "2",
  number =       "1",
  pages =        "47--60",
  month =        apr,
}

@Article{Warmer:EPODD-2-2-65,
  author =       "J. Warmer and S. Van Egmond",
  title =        "The Implementation of the {A}msterdam {SGML} Parser",
  journal =      j-EPODD,
  year =         "1989",
  volume =       "2",
  number =       "2",
  pages =        "65--90",
  month =        jul,
}

@Article{Brown:EPODD-2-2-91,
  author =       "P. J. Brown",
  title =        "Do We Need Maps to Navigate Round Hypertext
                 Documents?",
  journal =      j-EPODD,
  year =         "1989",
  volume =       "2",
  number =       "2",
  pages =        "91--100",
  month =        jul,
}

@Article{Bruggemann-Klein:EPODD-2-2-101,
  author =       "A. Br{\"{u}}ggeman-Klein and D. Wood",
  title =        "Drawing Trees Nicely with {\TeX{}}",
  journal =      j-EPODD,
  year =         "1989",
  volume =       "2",
  number =       "2",
  pages =        "101--115",
  month =        jul,
}

@Article{Becker:EPODD-2-3-119,
  author =       "Zeev Becker and Daniel Berry",
  title =        "{{\tt triroff}}, an adaptation of the
                 device-independent {{\tt troff}} for formatting
                 tri-directional text",
  journal =      j-EPODD,
  year =         "1989",
  volume =       "2",
  number =       "3",
  pages =        "119--142",
  month =        oct,
}

@Article{Burrill:EPODD-2-3-143,
  author =       "Victoria A. Burrill and John A. Ogden",
  title =        "{VORTEXT}: The hard-backed screen",
  journal =      j-EPODD,
  year =         "1989",
  volume =       "2",
  number =       "3",
  pages =        "143--156",
  month =        oct,
}

@Article{Gonczarowski:EPODD-2-3-157,
  author =       "Jakob Gonczarowski and On G. Paradise",
  title =        "{InScript}\emdash{}a {C}-like preprocessor for
                 {PostScript}",
  journal =      j-EPODD,
  year =         "1989",
  volume =       "2",
  number =       "3",
  pages =        "157--167",
  month =        oct,
}

@Article{andre:EPODD-2-3-169,
  author =       "Jacques Andr{\'{e}}",
  title =        "Can structured formatters prevent train crashes?",
  journal =      j-EPODD,
  year =         "1989",
  volume =       "2",
  number =       "3",
  pages =        "169--173",
  month =        oct,
}

@Article{alhawamdeh:EPODD-2-4-179,
  author =       "Suliman Al-Hawamdeh and Peter Willett",
  title =        "Paragraph-based nearest neighbor searching in
                 full-text documents",
  journal =      j-EPODD,
  year =         "1989",
  volume =       "2",
  number =       "4",
  pages =        "179--192",
  month =        dec,
}

@Article{Harrison:EPODD-2-4-193,
  author =       "Michael A. Harrison and Ethan V. Munson",
  title =        "On integrated bibliography processing",
  journal =      j-EPODD,
  year =         "1989",
  volume =       "2",
  number =       "4",
  pages =        "193--209",
  month =        dec,
}

@Article{Furuta:EPODD-2-4-211,
  author =       "Richard Furuta and Catherine Plainsant and Ben
                 Shneiderman",
  title =        "Automatically transforming regularly structured
                 documents into {Hypertext}",
  journal =      j-EPODD,
  year =         "1989",
  volume =       "2",
  number =       "4",
  pages =        "211--229",
  month =        dec,
}

@Article{Bench-Capon:EPODD-2-4-231,
  author =       "Trevor J. M. Bench-Capon and Paul E. Dunne",
  title =        "Some computational properties of a model for
                 electronic documents",
  journal =      j-EPODD,
  year =         "1989",
  volume =       "2",
  number =       "4",
  pages =        "231--256",
  month =        dec,
}

@Article{Hansen:EPODD-3-1-3,
  author =       "Bo Stig Hansen",
  title =        "A Function-based Formatting Model",
  journal =      j-EPODD,
  year =         "1990",
  volume =       "3",
  number =       "1",
  pages =        "3--28",
  month =        feb,
}

@Article{Feiner:EPODD-3-1-29,
  author =       "Steven K. Feiner",
  title =        "Authoring Large Hypermedia Documents with {IGD}",
  journal =      j-EPODD,
  year =         "1990",
  volume =       "3",
  number =       "1",
  pages =        "29--46",
  month =        feb,
}

@Article{Dodd:EPODD-3-1-47,
  author =       "W. P. Dodd",
  title =        "Convergent Publication, or the Hybrid Journal: Paper
                 plus Telecommunications",
  journal =      j-EPODD,
  year =         "1990",
  volume =       "3",
  number =       "1",
  pages =        "47--60",
  month =        feb,
}

@Article{Habusha:EPODD-3-2-65,
  author =       "Uri Habusha and Daniel Berry",
  title =        "Vi.iv, a bi-directional version of the vi full-screen
                 editor",
  journal =      j-EPODD,
  year =         "1990",
  volume =       "3",
  number =       "2",
  pages =        "65--91",
  month =        may,
}

@Article{Kaelbling:EPODD-3-2-93,
  author =       "Michael J. Kaelbling",
  title =        "On improving {SGML}",
  journal =      j-EPODD,
  year =         "1990",
  volume =       "3",
  number =       "2",
  pages =        "93--98",
  month =        may,
}

@Article{Knuth:EPODD-3-2-99,
  author =       "Donald E. Knuth",
  title =        "A note on digitized angles",
  journal =      j-EPODD,
  year =         "1990",
  volume =       "3",
  number =       "2",
  pages =        "99--104",
  month =        may,
}

@Article{Terry:EPODD-3-2-105,
  author =       "Douglas B. Terry and Donald G. Baker",
  title =        "Active {Tioga} documents: an exploration of two
                 paradigms",
  journal =      j-EPODD,
  year =         "1990",
  volume =       "3",
  number =       "2",
  pages =        "105--122",
  month =        may,
}

@Article{Rada:EPODD-3-3-125,
  author =       "Roy Rada",
  title =        "Hypertext writing and document reuse: the role of a
                 semantic net",
  journal =      j-EPODD,
  year =         "1990",
  volume =       "3",
  number =       "3",
  pages =        "125--140",
  month =        aug,
}

@Article{Rossiter:EPODD-3-3-141,
  author =       "B. N. Rossiter and T. J. Sillitoe and M. A. Heather",
  title =        "Database support for very large hypertexts",
  journal =      j-EPODD,
  year =         "1990",
  volume =       "3",
  number =       "3",
  pages =        "141--154",
  month =        aug,
}

@Article{Pollard:EPODD-3-3-155,
  author =       "Richard Pollard",
  title =        "Hypertext presentation of thesauri used in online
                 searching",
  journal =      j-EPODD,
  year =         "1990",
  volume =       "3",
  number =       "3",
  pages =        "155--172",
  month =        aug,
}

@Article{Furuta:EPODD-3-4-179,
  author =       "Richard Furuta and P. David Stotts",
  title =        "A functional meta-structure for hypertext models and
                 systems",
  journal =      j-EPODD,
  year =         "1990",
  volume =       "3",
  number =       "4",
  pages =        "179--205",
  month =        nov,
}

@Article{Jones:EPODD-3-4-207,
  author =       "Tricia Jones and Ben Shneiderman",
  title =        "Examining usability for a training-oriented hypertext:
                 Can hyper-activity be good?",
  journal =      j-EPODD,
  year =         "1990",
  volume =       "3",
  number =       "4",
  pages =        "207--225",
  month =        nov,
}

@Article{Pausch:EPODD-3-4-227,
  author =       "R. Pausch and J. Detmer",
  title =        "Node popularity as a hypertext browsing aid",
  journal =      j-EPODD,
  year =         "1990",
  volume =       "3",
  number =       "4",
  pages =        "227--234",
  month =        nov,
}

@Article{Warmer:EPODD-4-1-3,
  author =       "Jos Warmer and Hans van Vliet",
  title =        "Processing {SGML} Documents",
  journal =      j-EPODD,
  year =         "1991",
  volume =       "4",
  number =       "1",
  pages =        "3--26",
  month =        mar,
}

@Article{Mamrak:EPODD-4-1-27,
  author =       "Sandra A. Mamrak and J. A. Barnes",
  title =        "Considerations for the preparation of {SGML} Document
                 Type Definitions",
  journal =      j-EPODD,
  year =         "1991",
  volume =       "4",
  number =       "1",
  pages =        "27--42",
  month =        mar,
}

@Article{Harrison:EPODD-4-1-43,
  author =       "Michael A. Harrison and Ethan V. Munson",
  title =        "Numbering document components",
  journal =      j-EPODD,
  year =         "1991",
  volume =       "4",
  number =       "1",
  pages =        "43--60",
  month =        mar,
}

@Article{Barnes:EPODD-4-2-63,
  author =       "Julie A. Barnes and Sandra A. Mamrak",
  title =        "A model and toolset for the uniform tagging of encoded
                 documents",
  journal =      j-EPODD,
  year =         "1991",
  volume =       "4",
  number =       "2",
  pages =        "63--85",
  month =        jun,
}

@Article{Savoy:EPODD-4-2-87,
  author =       "Jacques Savoy and Daniel Desbois",
  title =        "Information retrieval in hypertext systems: an
                 approach using {Bayesian} networks",
  journal =      j-EPODD,
  year =         "1991",
  volume =       "4",
  number =       "2",
  pages =        "87--108",
  month =        jun,
}

@Article{Brown:EPODD-4-2-109,
  author =       "P. J. Brown",
  title =        "Using logical objects to control hypertext
                 appearance",
  journal =      j-EPODD,
  year =         "1991",
  volume =       "4",
  number =       "2",
  pages =        "109--118",
  month =        jun,
}

@Article{Stotts:EPODD-4-2-119,
  author =       "P. David Stotts and Richard Furuta",
  title =        "Hypertext 2000: Databases or Documents",
  journal =      j-EPODD,
  year =         "1991",
  volume =       "4",
  number =       "2",
  pages =        "119--121",
  month =        jun,
}

@Article{Cowan:EPODD-4-3-125,
  author =       "D. D. Cowan and E. W. Mackie and G. M. Pianosi and G.
                 de V. Smit",
  title =        "Rita\emdash{}an editor and user interface for
                 manipulating structured documents",
  journal =      j-EPODD,
  year =         "1991",
  volume =       "4",
  number =       "3",
  pages =        "125--150",
  month =        sep,
}

@Article{Karow:EPODD-4-3-151,
  author =       "Peter Karow",
  title =        "Digital punch cutting",
  journal =      j-EPODD,
  year =         "1991",
  volume =       "4",
  number =       "3",
  pages =        "151--170",
  month =        sep,
}

@Article{Bigelow:EPODD-4-3-171,
  author =       "Charles A. Bigelow and Kris Holmes",
  title =        "Notes on Apple 4 Fonts",
  journal =      j-EPODD,
  year =         "1991",
  volume =       "4",
  number =       "3",
  pages =        "171--181",
  month =        sep,
}

@Article{Cringean:EPODD-4-4-185,
  author =       "Janey K. Cringean and Roger England and Gordon A.
                 Manson and Peter Willett",
  title =        "Nearest-neighbour searching in files of text
                 signatures using transputer networks",
  journal =      j-EPODD,
  year =         "1991",
  volume =       "4",
  number =       "4",
  pages =        "185--203",
  month =        dec,
}

@Article{Sanderson:EPODD-4-4-205,
  author =       "Mark Sanderson and C. J. van Rijsbergen",
  title =        "{NRT}: news retrieval tool",
  journal =      j-EPODD,
  year =         "1991",
  volume =       "4",
  number =       "4",
  pages =        "205--217",
  month =        dec,
}

@Article{Agosti:EPODD-4-4-219,
  author =       "M. Agosti and R. Colotti and G. Gradenigo",
  title =        "Issues of data modelling in information retrieval",
  journal =      j-EPODD,
  year =         "1991",
  volume =       "4",
  number =       "4",
  pages =        "219--237",
  month =        dec,
}

@Article{Salton:EPODD-5-1-1,
  author =       "Gerard Salton and Chris Buckley and James Allan",
  title =        "Automatic structuring of text files",
  journal =      j-EPODD,
  year =         "1992",
  volume =       "5",
  number =       "1",
  pages =        "1--17",
  month =        mar,
}

@Article{Furuta:EPODD-5-1-19,
  author =       "Richard Furuta",
  title =        "Important papers in the history of document
                 preparation systems: basic sources",
  journal =      j-EPODD,
  year =         "1992",
  volume =       "5",
  number =       "1",
  pages =        "19--44",
  month =        mar,
}

@Article{Rahtz:EPODD-5-1-45,
  author =       "Sebastian Rahtz",
  title =        "Book Review: Philip Crookes, {\em Ventura Publisher}",
  journal =      j-EPODD,
  year =         "1992",
  volume =       "5",
  number =       "1",
  pages =        "45--46",
  month =        mar,
}

@Article{Weir:EPODD-5-1-47,
  author =       "Thomas E. {Weir, Jr.}",
  title =        "Book Review: {A}. Rizk, {N}. Streitz, and {J}.
                 Andr{\'e}, editors, {\em First European Conference on
                 Hypertext}",
  journal =      j-EPODD,
  year =         "1992",
  volume =       "5",
  number =       "1",
  pages =        "47--48",
  month =        mar,
}

@Article{Pickering:EPODD-5-1-49,
  author =       "Adrian Pickering",
  title =        "Book Review: David Collier, {\em Collier's Rules for
                 Desktop Design and Typography}",
  journal =      j-EPODD,
  year =         "1992",
  volume =       "5",
  number =       "1",
  pages =        "49--50",
  month =        mar,
}

@Article{Rahtz:EPODD-5-1-51,
  author =       "Sebastian Rahtz",
  title =        "Book Review: Norbert Schwartz, {\em Introduction to
                 {\TeX}}",
  journal =      j-EPODD,
  year =         "1992",
  volume =       "5",
  number =       "1",
  pages =        "51--52",
  month =        mar,
}

@Article{Andre:EPODD-5-2-53,
  author =       "Jacques Andr{\'e}",
  title =        "Editorial",
  journal =      j-EPODD,
  year =         "1992",
  volume =       "5",
  number =       "2",
  pages =        "53--54",
  month =        jun,
}

@Article{McCleery:EPODD-5-2-55,
  author =       "Alistair McCleery",
  title =        "Teaching electronic publishing: a Scottish example",
  journal =      j-EPODD,
  year =         "1992",
  volume =       "5",
  number =       "2",
  pages =        "55--61",
  month =        jun,
}

@Article{Dyson:EPODD-5-2-63,
  author =       "Mary C. Dyson",
  title =        "The curriculum as hypertext",
  journal =      j-EPODD,
  year =         "1992",
  volume =       "5",
  number =       "2",
  pages =        "63--72",
  month =        jun,
}

@Article{Brown:EPODD-5-2-73,
  author =       "P. J. Brown and R. E. Jones",
  title =        "Marking {EP} coursework using electronic
                 communication",
  journal =      j-EPODD,
  year =         "1992",
  volume =       "5",
  number =       "2",
  pages =        "73--78",
  month =        jun,
}

@Article{Andre:EPODD-5-2-79,
  author =       "Jacques Andr{\'e} and Roger D. Hersch",
  title =        "Teaching digital typography",
  journal =      j-EPODD,
  year =         "1992",
  volume =       "5",
  number =       "2",
  pages =        "79--89",
  month =        jun,
}

@Article{Brown:EPODD-5-2-91,
  author =       "H. Brown and I. A. Utting",
  title =        "Teaching electronic publishing to computer
                 scientists",
  journal =      j-EPODD,
  year =         "1992",
  volume =       "5",
  number =       "2",
  pages =        "91--96",
  month =        jun,
}

@Article{Hammersley:EPODD-5-2-97,
  author =       "P. Hammersley",
  title =        "{EP}-odds and ends",
  journal =      j-EPODD,
  year =         "1992",
  volume =       "5",
  number =       "2",
  pages =        "97--102",
  month =        jun,
}

@Article{Brailsford:EPODD-5-3-103,
  author =       "David Brailsford and Richard Furuta",
  title =        "Editorial",
  journal =      j-EPODD,
  year =         "1992",
  volume =       "5",
  number =       "3",
  pages =        "103--104",
  month =        sep,
  bibdate =      "Tue Mar 23 17:18:10 1993",
}

@Article{Nocholas:EPODD-5-3-105,
  author =       "Charles K. Nocholas and Lawrence A. Welsch",
  title =        "On the interchangeability of {SGML} and {ODA}",
  journal =      j-EPODD,
  year =         "1992",
  volume =       "5",
  number =       "3",
  pages =        "105--130",
  month =        sep,
  bibdate =      "Tue Mar 23 17:18:10 1993",
}

@Article{Pozzi:EPODD-5-3-131,
  author =       "Silvano Pozzi and Augusto Celentano and Luisa
                 Salemme",
  title =        "{ALIVE}: {A} distributed live-link documentation
                 system",
  journal =      j-EPODD,
  year =         "1992",
  volume =       "5",
  number =       "3",
  pages =        "131--142",
  month =        sep,
  bibdate =      "Tue Mar 23 17:18:10 1993",
}

@Article{Heeman:EPODD-5-3-143,
  author =       "Frans C. Heeman",
  title =        "Granularity in Structured Documents",
  journal =      j-EPODD,
  year =         "1992",
  volume =       "5",
  number =       "3",
  pages =        "143--155",
  month =        sep,
  bibdate =      "Tue Mar 23 17:18:10 1993",
}

@Article{Barron:EPODD-5-3-157,
  author =       "David Barron",
  title =        "Book Review: Joan {M}. Smith and Robert Stutely, {\em
                 {SGML}: the user's guide to {ISO} 8879}",
  journal =      j-EPODD,
  year =         "1992",
  volume =       "5",
  number =       "3",
  pages =        "157",
  month =        sep,
  bibdate =      "Tue Mar 23 17:18:10 1993",
}

@Article{Brailsford:EPODD-5-4-161,
  author =       "David Brailsford and Richard Furuta",
  title =        "Editorial",
  journal =      j-EPODD,
  year =         "1992",
  volume =       "5",
  number =       "4",
  pages =        "161--162",
  month =        dec,
  bibdate =      "Tue Jun 15 11:33:37 1993",
}

@Article{Srouji:EPODD-5-4-163,
  author =       "Johny Srouji and Daniel Berry",
  title =        "Arabic formatting with {\tt ditroff/ffortid}",
  journal =      j-EPODD,
  year =         "1992",
  volume =       "5",
  number =       "4",
  pages =        "163--208",
  month =        dec,
  bibdate =      "Tue Jun 15 11:33:37 1993",
}

@Article{Cole:EPODD-5-4-209,
  author =       "Fred Cole and Heather Brown",
  title =        "{EP}-odds and ends: Editing structured
                 documennts\emdash problems and solutions",
  journal =      j-EPODD,
  year =         "1992",
  volume =       "5",
  number =       "4",
  pages =        "209--216",
  month =        dec,
  bibdate =      "Tue Jun 15 11:35:39 1993",
}
