%% /u/sy/beebe/tex/bib/postscri.bib, Fri Aug 31 11:39:30 1990
%% Edit by Nelson H. F. Beebe <beebe at plot79.math.utah.edu>

%%% ====================================================================
%%%  BibTeX-file{
%%%     author          = "Nelson H. F. Beebe",
%%%     version         = "1.20",
%%%     date            = "11 November 1993",
%%%     time            = "11:37:13 MST",
%%%     filename        = "postscri.bib",
%%%     address         = "Center for Scientific Computing
%%%                        Department of Mathematics
%%%                        University of Utah
%%%                        Salt Lake City, UT 84112
%%%                        USA",
%%%     telephone       = "+1 801 581 5254",
%%%     FAX             = "+1 801 581 4148",
%%%     checksum        = "20609 418 1631 15224",
%%%     email           = "beebe at math.utah.edu (Internet)",
%%%     codetable       = "ISO/ASCII",
%%%     keywords        = "bibliography, PostScript",
%%%     supported       = "yes",
%%%     docstring       = "This bibliography collects publications
%%%                        about the PostScript page description
%%%                        language.
%%%
%%%                        CONVENTIONS
%%%
%%%                        Books are tagged by the first author's last
%%%                        name, a colon, up to 3 upper-case letters
%%%                        taken from the first three upper-case words
%%%                        in the title (ignoring words like A, And,
%%%                        The), followed by the last two digits of
%%%                        the publication year.  If there is a volume
%%%                        entry, it is appended to the tag, prefixed
%%%                        by a hyphen.
%%%
%%%                        For Dutch authors, a van part is included
%%%                        in the author tag.  For names with accented
%%%                        letters, accents are dropped in the author
%%%                        tag.
%%%
%%%                        This scheme is systematic enough that it
%%%                        can be programmed: most of the
%%%                        Addison-Wesley book entries were created
%%%                        with an awk program from a dump of the AW
%%%                        database supplied by Mona Zeftel.  Older
%%%                        entries in this bibliography were modified
%%%                        on 28-Nov-1990 to conform to this tagging
%%%                        scheme.
%%%
%%%                        The choice of a limit of 3 letters was
%%%                        determined from experiments on the
%%%                        Addison-Wesley collection.  Long tags are
%%%                        undesirable because they are a nuisance to
%%%                        type, and also interfere with the tagged
%%%                        bibliography output produced using the
%%%                        LaTeX showtags style option.
%%%
%%%                        Journal article tags look like
%%%                        author:abbrev-volume-number-page, where the
%%%                        author part is the last name of the first
%%%                        author: for example,
%%%                        Gilchrist:NAMS-36-9-1199.
%%%
%%%                        Technical report tags look like
%%%                        author:abbrev-number: for example,
%%%                        Billawala:STAN-CS-89-1256.
%%%
%%%                        The Como InProceedings entries look like
%%%                        author:TEX85-page: for example,
%%%                        Agostini:TEX85-117.  Other InProceedings
%%%                        entries should follow a similar style.
%%%
%%%                        Entries are stored ordered by the BibTeX
%%%                        tag name, independent of the entry type
%%%                        (the GNU Emacs function sort-bibtex-entries
%%%                        can be used to ensure correct ordering).
%%%                        However, entries that are cross-referenced
%%%                        by others are stored at the end of the
%%%                        file, since that order is required by
%%%                        BibTeX.
%%%
%%%                        With few exceptions, value fields for
%%%                        acknowledgement, address, journal, and
%%%                        publisher keywords should use macros
%%%                        defined in the string preamble below.  This
%%%                        helps to ensure consistency, and reduces
%%%                        the entry sizes.  Address entries must
%%%                        always include the country.
%%%
%%%                        The checksum field above contains a CRC-16
%%%                        checksum as the first value, followed by the
%%%                        equivalent of the standard UNIX wc (word
%%%                        count) utility output of lines, words, and
%%%                        characters.  This is produced by Robert
%%%                        Solovay's checksum utility."
%%%                        checksum as the first value, followed by the
%%%                        equivalent of the standard UNIX wc (word
%%%                        count) utility output of lines, words, and
%%%                        characters.  This is produced by Robert
%%%                        Solovay's checksum utility.",
%%%  }
%%% ====================================================================

@Preamble{"\input bibnames.sty "
# "\input path.sty "
 # "\hyphenation{Ker-n-i-ghan Port-able  Post-Script Pren-tice Richt-er
    Spring-er} "
}

@String{ack-bkph = "Berthold K. P. Horn,
                e-mail: \path|bkph@ai.mit.edu|"}
@String{ack-nhfb = "Nelson H. F. Beebe,
                    Center for Scientific Computing,
                    Department of Mathematics,
                    University of Utah,
                    Salt Lake City, UT 84112, USA,
                    Tel: +1 801 581 5254,
                    FAX: +1 801 581 4148,
                    e-mail: \path|beebe@math.utah.edu|"}

@String{pub-ADOBE = "Adobe Systems Incorporated"}
@String{pub-ADOBE:adr = "1585 Charleston Road, P.~O. Box 7900, Mountain
                  View, CA 94039-7900, USA, Tel: (415) 961-4400"}
@String{pub-AW = "Ad{\-d}i{\-s}on-Wes{\-l}ey"}
@String{pub-AW:adr = "Reading, MA, USA"}
@String{pub-HAYDEN      = "Hayden Books"}
@String{pub-HAYDEN:adr  = "4300 West 62nd Street, Indianapolis, IN
                           46268, USA"}
@String{pub-MT          = "M\&T Books"}
@String{pub-MT:adr      = "M\&T Publishing, Inc., 501 Galveston Drive,
                           Redwood City, CA 94063, USA"}
@String{pub-PEACHPIT = "Peachpit Press, Inc."}
@String{pub-PEACHPIT:adr = "1085 Keith Avenue, Berkeley, CA 94708, USA"}
@String{pub-PH = "Pren{\-}tice-Hall"}
@String{pub-SF = "Scott, Foresman and Company"}
@String{pub-SV = "Spring{\-}er-Ver{\-}lag"}
@String{pub-SV:adr      = "Berlin, Germany~/ Heidelberg, Germany~/ London,
                           UK~/ etc."}
@String{pub-SYBEX = "Sybex"}

@Book{Adobe:AT1.190,
  author =       pub-ADOBE,
  title =        "Adobe Type 1 Font Format---Version 1.1",
  publisher =    pub-AW,
  address =      pub-AW:adr,
  year =         "1990",
  month =        aug,
  ISBN =         "0-201-57044-0",
  libnote =      "Not yet in my library.",
}

@Manual{Adobe:AT190,
  title =        "Adobe Type 1 Font Format",
  organization = pub-ADOBE,
  address =      pub-ADOBE:adr,
  year =         "1990",
  month =        mar,
  partnumber =   "LPS0064",
}

@Misc{Adobe:colophon,
  author =       "{Adobe Systems Incorporated}",
  title =        "{C}olophon\emdash {A}dobe {S}ystems {N}ews
                 {P}ublication",
}

@Techreport{Adobe:docstruct-spec,
  author =       "{PostScript Developer Support Group}",
  title =        "{Document Structuring Conventions} Specification,
                 Version 2.1",
  institution =  pub-ADOBE,
  year =         "1989",
  number =       "PN LPS5001",
  address =      pub-ADOBE:adr,
  month =        jan # " 16",
  note =         "Available electronically from
                 \path|ps-file-server@adobe.com| in response to an e-mail
                 request {\tt send Documents \path|struct.ps.Zba|}. The
                 request {\tt send Index} will return a complete index
                 for the server.",
}

@Manual{Adobe:DPS88,
  title =        "The Display PostScript System Reference",
  organization = pub-ADOBE,
  year =         "1988",
  month =        oct # " 10",
}

@Techreport{Adobe:epsf-spec,
  author =       "{Adobe PostScript Developer Support Group}",
  title =        "{Encapsulated PostScript Files} Specification Version
                 2.0",
  institution =  pub-ADOBE,
  year =         "1989",
  number =       "PN LPS5002",
  address =      pub-ADOBE:adr,
  month =        jun # " 5",
  note =         "Available electronically from
                 \path|ps-file-server|\char64\path|adobe.com| in
                 response to an e-mail request {\tt send Documents
                 \path|EPSF.ps.Zba|}. The request {\tt send Index} will
                 return a complete index for the server.",
}

@Book{Adobe:PLP88,
  author =       "Glenn C. Reid",
  title =        "PostScript Language Program Design",
  publisher =    pub-AW,
  year =         "1988",
  ISBN =         "0-201-14396-8",
}

@Book{Adobe:PLR85,
  author =       "{Adobe Systems Incorporated}",
  title =        "PostScript Language Reference Manual",
  publisher =    pub-AW,
  year =         "{\noopsort{1985a}}1985",
  ISBN =         "0-201-10174-2",
}

@Book{Adobe:PLR90,
  author =       "{Adobe Systems Incorporated}",
  title =        "PostScript Language Reference Manual",
  edition =      "Second",
  publisher =    pub-AW,
  year =         "1990",
  ISBN =         "0-201-18127-4",
}

@Book{Adobe:PLT85,
  author =       "{Adobe Systems Incorporated}",
  title =        "PostScript Language Tutorial and Cookbook",
  publisher =    pub-AW,
  year =         "{\noopsort{1985b}}1985",
  ISBN =         "0-201-10179-3",
}

@Book{Adobe:PDP92,
  author =       "{Adobe Systems Incorporated}",
  title =        "Programming the Display PostScript System with
                 Ne{XTSTEP}",
  publisher =    pub-AW,
  year =         "1992",
  ISBN =         "0-201-58135-3",
  LCCN =         "91-31035, QA76.73.P67 P76 1991",
  address =      pub-AW:adr,
  pages =        "xxvii + 380",
  bibdate =      "Tue Sep 21 11:10:14 1993",
  acknowledgement = ack-nhfb,
}

@Book{Adobe:PDP93,
  author =       "{Adobe Systems Incorporated}",
  title =        "Programming the Display PostScript System with {X}",
  publisher =    pub-AW,
  year =         "1993",
  ISBN =         "0-201-62203-3",
  address =      pub-AW:adr,
  price =        "US\$29.95",
  bibdate =      "Tue Sep 21 11:08:38 1993",
  acknowledgement = ack-nhfb,
}

@Book{Braswell:IP89,
  author =       "Frank Merritt Braswell",
  title =        "Inside PostScript",
  publisher =    pub-PEACHPIT,
  year =         "1989",
  address =      pub-PEACHPIT:adr,
}

@Book{Gosling:NB89,
  author =       "James Gosling and David S. H. Rosenthal and Michelle
                 Arden",
  title =        "The {NeWS} Book",
  publisher =    pub-SV,
  address =      pub-SV:adr,
  year =         "1989",
  ISBN =         "0-387-96915-2",
  pages =        "vi + 235",
  acknowledgement = ack-nhfb,
}

@Book{Gosney:VBP90,
  author =       "Michael Gosney",
  title =        "The Verbum book of PostScript Illustration",
  publisher =    pub-MT,
  year =         "1990",
  LCCN =         "QA76.73.P67 G57 1990",
  address =      pub-MT:adr,
  pages =        "vii + 213",
  bibdate =      "Tue Sep 21 10:52:48 1993",
  acknowledgement = ack-nhfb,
}

@Book{Grosvenor:PFH92,
  author =       "Jonathan Grosvenor and Kaye Morrison and Alexandra
                 Pim",
  title =        "The PostScript Font Handbook: {A} Directory of Type 1
                 Fonts",
  publisher =    pub-AW,
  year =         "1992",
  LCCN =         "Z250.7 .P67 1992",
  ISBN =         "0-201-57044-0",
  address =      pub-AW:adr,
  pages =        "x + 425",
  bibdate =      "Tue Sep 21 11:04:47 1993",
  acknowledgement = ack-nhfb,
}

@Incollection{Goswell:postscript-implementation,
  author =       "Crispin A. A. Goswell",
  title =        "An Implementation of PostScript",
  booktitle =    "Workstations and Publication Systems",
  publisher =    pub-SV,
  year =         "1987",
  editor =       "Rae A. Earnshaw",
  pages =        "40--53",
  ISBN =         "0-387-96527-0",
  note =         "Goswell describes an implementation of PostScript
                 which has been widely distributed on the Internet.",
}

@Book{Holzgang:DPP90,
  author =       "David A. Holzgang",
  title =        "Display PostScript Programming",
  publisher =    pub-AW,
  year =         "1990",
  ISBN =         "0-201-51814-7",
}

@Book{Holzgang:PPR89,
  author =       "David A. Holzgang",
  title =        "PostScript Programmer's Reference Guide",
  publisher =    pub-SF,
  year =         "1989",
  ISBN =         "0-673-38574-4",
}

@Book{Holzgang:UPP87,
  author =       "David A. Holzgang",
  title =        "Understanding PostScript Programming",
  publisher =    pub-SYBEX,
  year =         "1987",
  ISBN =         "0-89588-396-1",
}

@Book{McGilton:PE92,
  author =       "Henry McGilton and Mary Campione",
  title =        "PostScript by Example",
  publisher =    pub-AW,
  year =         "1992",
  ISBN =         "0-201-63228-4",
  address =      pub-AW:adr,
  pages =        "xviii + 620",
  price =        "US\$30",
  bibdate =      "Fri Nov 13 13:58:09 1992",
  acknowledgement = ack-nhfb,
}

@Book{Reid:TPS90,
  author =      "Glenn C. Reid",
  title =       "Thinking in PostScript",
  publisher =   pub-AW,
  address =     pub-AW:adr,
  year =        "1990",
  ISBN =        "0-201-52372-8",
  acknowledgement =ack-bkph,
}

@Book{Roth:RWP88,
  editor =       "Stephen E. Roth",
  title =        "Real World {PostScript}",
  publisher =    pub-AW,
  year =         "1988",
  ISBN =         "0-201-06663-7",
}

@Book{Smith:LPV90,
  author =       "Ross Smith",
  title =        "Learning PostScript---A Visual Approach",
  publisher =    pub-PEACHPIT,
  year =         "1990",
  address =      pub-PEACHPIT:adr,
  ISBN =         "0-938151-12-6",
}

@Book{Spring:HOP92,
  author =       "Michael B. Spring and David Dubin",
  title =        "Hands-On PostScript",
  publisher =    pub-HAYDEN,
  year =         "1992",
  ISBN =         "0-672-30185-7",
  address =      pub-HAYDEN:adr,
  pages =        "xx + 431",
  bibdate =      "Tue Sep 21 10:50:17 1993",
  acknowledgement = ack-nhfb,
}

@Book{Vollenmeider:EPS90,
  author =      "Peter Vollenmeider",
  title =       "Encapsulated PostScript:  Applications for the MacIntosh
                and PC",
  publisher =   pub-PH # " and Carl Hanser",
  year =        "1990",
  ISBN =        "0-13-275843-1",
  acknowledgement =ack-bkph,
}

@Misc{Wood:plj,
  author =       "Patrick {Wood, editor}",
  title =        "{\POSTSCRIPT} {L}anguage {J}ournal",
  howpublished = "Pipeline Associates, Inc., P. O. Box 5763,
                 Parsippany, NJ 07054",
}
