
@Comment(BIBTEMPLATE .)
@Comment(BIBREFERENCES stdalphabetic)
@Comment{BIBSEPARATORS ",;&"}


@misc		( WEIS88,
key	=	"Weis88" ,
author	=	"Pierre Weis et.\ al." ,
title	=	"The {CAML} Reference Manual" ,
month	=	"March" ,
year	=	"1989" ,
howpublished=	"INRIA-ENS" ,
)
@misc		( PPML99,
key	=	"Ppml99",
author	=	"N.N.",
title	=	"The {Ppml} Manual",
howpublished=	"Sema Group, Fontenay-sous-Bois Cedex, France"
)
@misc		( PFENNING91D,
key	=	"Pfenning91D" ,
author	=	"Frank Pfenning" ,
title	=	"An Implementation of the {Elf} Core Language in
{Standard ML}" ,
howpublished=	"Available via ftp over the Internet" ,
month	=	"September" ,
year	=	"1991" ,
keywords=	"fp" ,
note	=	"Send mail to elf-request@cs.cmu.edu for further
information" 
)
@article        ( OPPEN80,
key     =       "Oppen80" ,
author  =       "Derek C.\ Oppen" ,
title   =       "Prettyprinting",
journal =       "ACM Transactions on Programming Languages",
volume  =       "2" ,
number  =       "4" ,
month   =       "October" ,
year    =       "1980" ,
pages   =       "465-483"
)

