@misc{bib_uscore,
  title = "Underscore label"
}
